
@article{webots-vs-gazebo,
	author = "Angel Ayala, Francisco Cruz, Diego Campos, Rodrigo Rubio, Bruno Fernandes, and Richard Dazeley",
	title = "A Comparison of Humanoid Robot Simulators: A Quantitative Approach",
	journal = "Escola Politécnica de Pernambuco, Universidade de Pernambuco, Recife, Brasil",
	year = "2020",

}

@article{webots-vs-gazebo-2,
	author = "Marian Körber , Johann Lange, Stephan Rediske, Simon Steinmann, Roland Glück",
	title = "Comparing Popular Simulation Environments in the Scope of Robotics and Reinforcement Learning",
	journal = " Institute of Structures and Design, †Innovation Services",
	year = "2021",

}

@online{gazebo,
    author    = "Ashwin Gopinath",
    title     = "Gazebo: Let Your Robots Do The Talking",
    url       = "https://www.electronicsforu.com/buyers-guides/gazebo-let-robots-talking/amp",
    keywords  = "Gazebo",
    year      = "2017",
    edition   = "1"
}